@article{gre_cov,
  title={Covariate shift by kernel mean matching},
  author={Gretton, Arthur and Smola, Alex and Huang, Jiayuan and Schmittfull, Marcel and Borgwardt, Karsten and Sch{\"o}lkopf, Bernhard},
  journal={Dataset shift in machine learning},
  volume={3},
  number={4},
  pages={5},
  year={2009}
}